<?xml version="1.0" encoding="UTF-8"?><collection xmlns="http://www.loc.gov/MARC21/slim"><record><leader>00641nam--2200205-i-4500</leader><controlfield tag="001">000026064</controlfield><controlfield tag="002">20161230</controlfield><controlfield tag="005">20161230201036</controlfield><controlfield tag="008">060222s1000------------r-----000-0-eng-d</controlfield><datafield ind1=" " ind2=" " tag="020"><subfield code="a">0850660858</subfield></datafield><datafield ind1=" " ind2=" " tag="040"><subfield code="a">IFIN-HH</subfield></datafield><datafield ind1=" " ind2=" " tag="080"><subfield code="a">537.6:539.2</subfield></datafield><datafield ind1="1" ind2=" " tag="100"><subfield code="a">Jongh, L. J</subfield></datafield><datafield ind1="1" ind2="0" tag="245"><subfield code="a">Experiments on simple magnetic model systems</subfield><subfield code="b">A survey of their experimental status in the light of current theories</subfield><subfield code="c">L.j. jongh; a.r. miedema</subfield></datafield><datafield ind1=" " ind2=" " tag="260"><subfield code="a">London</subfield><subfield code="b">Taylor &amp; Francis Ltd</subfield><subfield code="c">1974</subfield></datafield><datafield ind1=" " ind2=" " tag="300"><subfield code="a">269P</subfield></datafield><datafield ind1=" " ind2=" " tag="490"><subfield code="a">Taylor &amp; Francis Monographs On Physics</subfield></datafield><datafield ind1="1" ind2=" " tag="700"><subfield code="a">Miedema, A. R</subfield></datafield><datafield ind1=" " ind2=" " tag="852"><subfield code="a">43053</subfield><subfield code="c">537:538</subfield></datafield><datafield ind1=" " ind2=" " tag="CAT"><subfield code="a">Sys</subfield><subfield code="c">20110621</subfield><subfield code="h">104745</subfield></datafield></record></collection>